% This file was created with JabRef 2.7.2.
% Encoding: Cp1252

@article{whoqol1995world,
  title={The World Health Organization quality of life assessment (WHOQOL): position paper from the World Health Organization},
  author={Whoqol Group and others},
  journal={Social science \& medicine},
  volume={41},
  number={10},
  pages={1403--1409},
  year={1995},
  publisher={Elsevier}
}

@article{leonardi2012relationships,
  title={Relationships between disability, quality of life and prevalence of nonmotor symptoms in Parkinson’s disease},
  author={Leonardi, Matilde and Raggi, Alberto and Pagani, Marco and Carella, Francesco and Soliveri, Paola and Albanese, Alberto and Romito, Luigi},
  journal={Parkinsonism \& related disorders},
  volume={18},
  number={1},
  pages={35--39},
  year={2012},
  publisher={Elsevier}
}

@article{mielck2014health,
  title={Health-related quality of life and socioeconomic status: inequalities among adults with a chronic disease},
  author={Mielck, Andreas and Vogelmann, Martin and Leidl, Reiner},
  journal={Health and quality of life outcomes},
  volume={12},
  number={1},
  pages={58},
  year={2014},
  publisher={BioMed Central}
}

@article{vilhena2014psychosocial,
  title={Psychosocial factors as predictors of quality of life in chronic Portuguese patients},
  author={Vilhena, Estela and Pais-Ribeiro, Jos{\'e} and Silva, Isabel and Pedro, Lu{\'\i}sa and Meneses, Rute F and Cardoso, Helena and da Silva, Ant{\'o}nio Martins and Mendon{\c{c}}a, Denisa},
  journal={Health and quality of life outcomes},
  volume={12},
  number={1},
  pages={3},
  year={2014},
  publisher={BioMed Central}
}

@article{lopez2011etiopathology,
  title={Etiopathology of chronic tubular, glomerular and renovascular nephropathies: clinical implications},
  author={L{\'o}pez-Novoa, Jos{\'e} M and Rodr{\'\i}guez-Pe{\~n}a, Ana B and Ortiz, Alberto and Mart{\'\i}nez-Salgado, Carlos and Hern{\'a}ndez, Francisco J L{\'o}pez},
  journal={Journal of translational medicine},
  volume={9},
  number={1},
  pages={13},
  year={2011},
  publisher={BioMed Central}
}

@article{onuigbo2014chronic,
  title={Chronic kidney disease prediction is an inexact science: The concept of “progressors” and “nonprogressors”},
  author={Onuigbo, Macaulay Amechi Chukwukadibia and Agbasi, Nneoma},
  journal={World journal of nephrology},
  volume={3},
  number={3},
  pages={31},
  year={2014},
  publisher={Baishideng Publishing Group Inc}
}

@article{khalil2017under,
  title={Under-diagnosed chronic kidney disease in Jordanian adults: prevalence and correlates},
  author={Khalil, Amani A and Abed, Mona A and Ahmad, Muayyad and Mansour, Ayman Hamdan},
  journal={Journal of renal care},
  year={2017},
  publisher={Wiley Online Library}
}

@article{zucoloto2016impact,
  title={Impact of oral health on health-related quality of life: a cross-sectional study},
  author={Zucoloto, Miriane Lucindo and Maroco, Jo{\~a}o and Campos, Juliana Alvares Duarte Bonini},
  journal={BMC oral health},
  volume={16},
  number={1},
  pages={55},
  year={2016},
  publisher={BioMed Central}
}

@article{cafiero2013periodontal,
  title={Periodontal care as a fundamental step for an active and healthy ageing},
  author={Cafiero, Carlo and Matarasso, Marco and Marenzi, Gaetano and Iorio Siciliano, Vincenzo and Bellia, Loredana and Sammartino, Gilberto},
  journal={The Scientific World Journal},
  volume={2013},
  year={2013},
  publisher={Hindawi Publishing Corporation}
}

@article{thiruvenkadam2015oral,
  title={Oral health-related quality of life of children seeking orthodontic treatment based on child oral health impact profile: A cross-sectional study},
  author={Thiruvenkadam, G and Asokan, Sharath and John, J Baby and Priya, PR Geetha and Prathiba, J},
  journal={Contemporary clinical dentistry},
  volume={6},
  number={3},
  pages={396},
  year={2015},
  publisher={Medknow Publications}
}

@article{wilson2012asthma,
  title={Asthma outcomes: quality of life},
  author={Wilson, Sandra R and Rand, Cynthia S and Cabana, Michael D and Foggs, Michael B and Halterman, Jill S and Olson, Lynn and Vollmer, William M and Wright, Rosalind J and Taggart, Virginia},
  journal={Journal of Allergy and Clinical Immunology},
  volume={129},
  number={3},
  pages={S88--S123},
  year={2012},
  publisher={Elsevier}
}

@article{baiju2017oral,
  title={Oral Health and Quality of Life: Current Concepts},
  author={Baiju, RM and Peter, ELBE and Varghese, NO and Sivaram, Remadevi},
  journal={Journal of clinical and diagnostic research: JCDR},
  volume={11},
  number={6},
  pages={ZE21},
  year={2017},
  publisher={JCDR Research \& Publications Private Limited}
}

@article{bennadi2013oral,
  title={Oral health related quality of life},
  author={Bennadi, Darshana and Reddy, CVK},
  journal={Journal of International Society of Preventive \& Community Dentistry},
  volume={3},
  number={1},
  pages={1},
  year={2013},
  publisher={Medknow Publications}
}

@article{cicciu2013relationship,
  title={Relationship between oral health and its impact on the quality life of Alzheimer’s disease patients: a supportive care trial},
  author={Cicci{\`u}, Marco and Matacena, Giada and Signorino, Fabrizio and Brugaletta, Alessandro and Cicci{\`u}, Alessandra and Bramanti, Ennio},
  journal={International journal of clinical and experimental medicine},
  volume={6},
  number={9},
  pages={766},
  year={2013},
  publisher={e-Century Publishing Corporation}
}

@article{sharma2016association,
  title={Association between periodontitis and mortality in stages 3--5 chronic kidney disease: NHANES III and linked mortality study},
  author={Sharma, Praveen and Dietrich, Thomas and Ferro, Charles J and Cockwell, Paul and Chapple, Iain LC},
  journal={Journal of clinical periodontology},
  volume={43},
  number={2},
  pages={104--113},
  year={2016},
  publisher={Wiley Online Library}
}

@article{nikbin2014oral,
  title={Oral health-related quality of life in diabetic patients: comparison of the Persian version of Geriatric Oral Health Assessment Index and Oral Health Impact Profile: A descriptive-analytic study},
  author={Nikbin, Ava and Bayani, Mohammadali and Jenabian, Niloofar and Motallebnejad, Mina and others},
  journal={Journal of Diabetes \& Metabolic Disorders},
  volume={13},
  number={1},
  pages={32},
  year={2014},
  publisher={BioMed Central}
}

@article{saltnes2015oral,
  title={Oral health-related quality-of-life and mental health in individuals with chronic obstructive pulmonary disease (COPD)},
  author={Saltnes, Solfrid S{\o}rgjerd and Storhaug, Kari and Borge, Christine R{\aa}heim and Enmarker, Ingela and Willumsen, Tiril},
  journal={Acta Odontologica Scandinavica},
  volume={73},
  number={1},
  pages={14--20},
  year={2015},
  publisher={Taylor \& Francis}
}

@article{post2014definitions,
  title={Definitions of quality of life: what has happened and how to move on},
  author={Post, Marcel},
  journal={Topics in spinal cord injury rehabilitation},
  volume={20},
  number={3},
  pages={167--180},
  year={2014},
  publisher={Thomas Land Publishers Inc.}
}

@article{tahani2017assessment,
  title={Assessment of the quality of life of the patients with treated oral cancer in Iran},
  author={Tahani, Bahareh and Razavi, Sayed Mohammad and Emami, Hamid and Alamchi, Fatemeh},
  journal={Oral and Maxillofacial Surgery},
  pages={1--9},
  year={2017},
  publisher={Springer}
}

@article{bennadi2013oral,
  title={Oral health related quality of life},
  author={Bennadi, Darshana and Reddy, CVK},
  journal={Journal of International Society of Preventive \& Community Dentistry},
  volume={3},
  number={1},
  pages={1},
  year={2013},
  publisher={Medknow Publications}
}

@article{souza2014tools,
  title={Tools used for evaluation of Brazilian children's quality of life},
  author={Souza, Jo{\~a}o Gabriel S and Pamponet, Marcela Antunes and Souza, Tamirys Caroline S and Pereira, Alessandra Ribeiro and Souza, Andrey George S and Martins, Andr{\'e}a Maria E},
  journal={Revista paulista de pediatria},
  volume={32},
  number={2},
  pages={272--278},
  year={2014},
  publisher={SciELO Brasil}
}

@article{ridyard2014measuring,
  title={Measuring quality of life in oculoplastic patients},
  author={Ridyard, Edward and Inkster, Clare},
  journal={International journal of ophthalmology},
  volume={7},
  number={1},
  pages={133},
  year={2014},
  publisher={Press of International Journal of Ophthalmology}
}

@article{ciconelli1999brazilian,
  title={Brazilian-Portuguese version of the SF-36. A reliable and valid quality of life outcome measure},
  author={Ciconelli, Rozana Mesquita and Ferraz, Marcos Bosi and Santos, Wilton and Mein{\~a}o, I and Quaresma, MR and others},
  journal={Rev Bras Reumatol},
  volume={39},
  number={3},
  pages={143--50},
  year={1999}
}

@phdthesis{silqueira2005questionario,
  title={O question{\'a}rio gen{\'e}rico SF-36 como instrumento de mensura{\c{c}}{\~a}o da qualidade de vida relacionada a sa{\'u}de de pacientes hipertensos},
  author={Silqueira, Salete Maria de F{\'a}tima},
  year={2005},
  school={Universidade de S{\~a}o Paulo}
}

@article{kashihara2010oxidative,
  title={Oxidative stress in diabetic nephropathy},
  author={Kashihara, N and Haruna, Y and K Kondeti, V and S Kanwar, Y},
  journal={Current medicinal chemistry},
  volume={17},
  number={34},
  pages={4256--4269},
  year={2010},
  publisher={Bentham Science Publishers}
}

@article{morillas2012inflammation,
  title={Inflammation and apoptosis in hypertension. Relevance of the extent of target organ damage},
  author={Morillas, Pedro and de Andrade, Helder and Castillo, Jesus and Quiles, Juan and Bertomeu-Gonz{\'a}lez, Vicente and Cordero, Alberto and Taraz{\'o}n, Estefan{\'\i}a and Rosell{\'o}, Esther and Portol{\'e}s, Manuel and Rivera, Miguel and others},
  journal={Revista Espa{\~n}ola de Cardiolog{\'\i}a (English Edition)},
  volume={65},
  number={9},
  pages={819--825},
  year={2012},
  publisher={Elsevier}
}

@article{bonventre2011cellular,
  title={Cellular pathophysiology of ischemic acute kidney injury},
  author={Bonventre, Joseph V and Yang, Li},
  journal={The Journal of clinical investigation},
  volume={121},
  number={11},
  pages={4210},
  year={2011},
  publisher={American Society for Clinical Investigation}
}

@article{boer20167,
  title={7 T renal MRI: challenges and promises},
  author={Boer, Anneloes and Hoogduin, Johannes M and Blankestijn, Peter J and Li, Xiufeng and Luijten, Peter R and Metzger, Gregory J and Raaijmakers, Alexander JE and Umutlu, Lale and Visser, Fredy and Leiner, Tim},
  journal={Magnetic Resonance Materials in Physics, Biology and Medicine},
  volume={29},
  number={3},
  pages={417--433},
  year={2016},
  publisher={Springer}
}

@book{guyton2006tratado,
  title={Tratado de fisiologia m{\'e}dica},
  author={Guyton, Arthur Clifton and Hall, John E and Guyton, Arthur C},
  year={2006},
  publisher={Elsevier Brasil}
}

@article{tonkin2015gps,
  title={GPs’ views on managing advanced chronic kidney disease in primary care: a qualitative study},
  author={Tonkin-Crine, Sarah and Santer, Miriam and Leydon, Geraldine M and Murtagh, Fliss EM and Farrington, Ken and Caskey, Fergus and Rayner, Hugh and Roderick, Paul},
  journal={Br J Gen Pract},
  volume={65},
  number={636},
  pages={e469--e477},
  year={2015},
  publisher={British Journal of General Practice}
}

@article{lopez2011etiopathology,
  title={Etiopathology of chronic tubular, glomerular and renovascular nephropathies: clinical implications},
  author={L{\'o}pez-Novoa, Jos{\'e} M and Rodr{\'\i}guez-Pe{\~n}a, Ana B and Ortiz, Alberto and Mart{\'\i}nez-Salgado, Carlos and Hern{\'a}ndez, Francisco J L{\'o}pez},
  journal={Journal of translational medicine},
  volume={9},
  number={1},
  pages={13},
  year={2011},
  publisher={BioMed Central}
}

@article{levin2013kidney,
  title={Kidney Disease: Improving Global Outcomes (KDIGO) CKD Work Group. KDIGO 2012 clinical practice guideline for the evaluation and management of chronic kidney disease},
  author={Levin, Adeera and Stevens, Paul E and Bilous, Rudy W and Coresh, Josef and De Francisco, Angel LM and De Jong, Paul E and Griffith, Kathryn E and Hemmelgarn, Brenda R and Iseki, Kunitoshi and Lamb, Edmund J and others},
  journal={Kidney International Supplements},
  volume={3},
  number={1},
  pages={1--150},
  year={2013},
  publisher={Nature Publishing Group}
}

@article{bots2005end,
  title={End Stage Disease: The Oral Component: Saliva, thirst and oral health in patients on renal replacement therapy},
  author={Bots, Casper P},
  year={2005},
  publisher={Amsterdam: Vrije Universiteit}
}

@article{martins2005qualidade,
  title={Qualidade de vida de pessoas com doen{\c{c}}a renal cr{\^o}nica em tratamento hemodial{\'\i}tico},
  author={Martins, Marielza R Ismael and Cesarino, Claudia Bernardi},
  journal={Revista Latino-Americana de Enfermagem},
  volume={13},
  number={5},
  year={2005},
  publisher={Universidade de S{\~a}o Paulo}
}

@article{locker1988measuring,
  title={Measuring oral health: a conceptual framework},
  author={Locker, D},
  journal={Community Dent Health},
  volume={5},
  pages={3--18},
  year={1988}
}

@article{alpkilic2009oral,
  title={Oral and general health-related quality of life among young patients with haemophilia},
  author={Alpkilic Baskirt, E and Ak, G and Zulfikar, B},
  journal={Haemophilia},
  volume={15},
  number={1},
  pages={193--198},
  year={2009},
  publisher={Wiley Online Library}
}

@article{ahola2015impact,
  title={Impact of rheumatic diseases on oral health and quality of life},
  author={Ahola, K and Saarinen, A and Kuuliala, A and Leirisalo-Repo, M and Murtomaa, H and Meurman, JH},
  journal={Oral diseases},
  volume={21},
  number={3},
  pages={342--348},
  year={2015},
  publisher={Wiley Online Library}
}

@article{pakpour2015case,
  title={A case-control study on oral health-related quality of life in kidney disease patients undergoing haemodialysis},
  author={Pakpour, Amir H and Kumar, Santhosh and Fridlund, Bengt and Zimmer, Stefan},
  journal={Clinical oral investigations},
  volume={19},
  number={6},
  pages={1235--1243},
  year={2015},
  publisher={Springer}
}

@article{sischo2011oral,
  title={Oral health-related quality of life: what, why, how, and future implications},
  author={Sischo, L and Broder, HL},
  journal={Journal of dental research},
  volume={90},
  number={11},
  pages={1264--1270},
  year={2011},
  publisher={SAGE Publications Sage CA: Los Angeles, CA}
}

@article{isiekwe2014oral,
  title={Oral Health Quality of Life in a Nigerian University Undergraduate Population},
  author={Isiekwe, GI and Onigbogi, OO and Olatosi, OO and Sofola, OO},
  journal={Journal of the West African College of Surgeons},
  volume={4},
  number={1},
  pages={54},
  year={2014},
  publisher={West African College of Surgeons}
}

@article{slade1997derivation,
  title={Derivation and validation of a short-form oral health impact profile},
  author={Slade, Gary D},
  journal={Community dentistry and oral epidemiology},
  volume={25},
  number={4},
  pages={284--290},
  year={1997},
  publisher={Wiley Online Library}
}

@article{slade1994development,
  title={Development and evaluation of the Oral Health Impact Profile.},
  author={Slade, Gary D and Spencer, A John},
  journal={Community dental health},
  volume={11},
  number={1},
  pages={3--11},
  year={1994}
}

@article{oliveira2005psychometric,
  title={Psychometric properties of the Brazilian version of the Oral Health Impact Profile--short form},
  author={Oliveira, Branca Heloisa and Nadanovsky, Paulo},
  journal={Community dentistry and oral epidemiology},
  volume={33},
  number={4},
  pages={307--314},
  year={2005},
  publisher={Wiley Online Library}
}

@article{gordia2009sociodemographic,
  title={Sociodemographic variables as determinant of the environment domain of quality of life of adolescents},
  author={Gordia, Alex Pinheiro and Quadros, Teresa Maria Bianchini de and Campos, Wagner de},
  journal={Ciencia \& saude coletiva},
  volume={14},
  number={6},
  pages={2261--2268},
  year={2009},
  publisher={SciELO Public Health}
}

@article{mumcu2006oral,
  title={Oral health related quality of life is affected by disease activity in Beh{\c{c}}et's disease},
  author={Mumcu, G and Inanc, N and Ergun, T and Ikiz, K and Gunes, M and Islek, U and Yavuz, S and Sur, H and Atalay, T and Direskeneli, H},
  journal={Oral diseases},
  volume={12},
  number={2},
  pages={145--151},
  year={2006},
  publisher={Wiley Online Library}
}

@article{wills2016association,
  title={Association Between Change in Body Mass Index, Unified Parkinson’s Disease Rating Scale Scores, and Survival Among Persons With Parkinson Disease: Secondary Analysis of Longitudinal Data From NINDS Exploratory Trials in Parkinson Disease Long-term Study 1},
  author={Wills, Anne-Marie A and P{\'e}rez, Adriana and Wang, Jue and Su, Xiao and Morgan, John and Rajan, Suja S and Leehey, Maureen A and Pontone, Gregory M and Chou, Kelvin L and Umeh, Chizoba and others},
  journal={JAMA neurology},
  volume={73},
  number={3},
  pages={321--328},
  year={2016},
  publisher={American Medical Association}
}

@article{chang2014assessment,
  title={Assessment of health-related quality of life in antiviral-treated Taiwanese chronic hepatitis C patients using SF-36 and CLDQ},
  author={Chang, Shu-Chuan and Yang, Sheng-Shun and Chang, Chiu-Chun and Lin, Chun-Che and Chung, Yueh-Chin and Li, Tsai-Chung},
  journal={Health and quality of life outcomes},
  volume={12},
  number={1},
  pages={97},
  year={2014},
  publisher={BioMed Central}
}

@article{vuvcak2017diagnostic,
  title={DIAGNOSTIC APPROACH TO PATIENTS WITH CHRONIC KIDNEY DISEASE},
  author={VU{\v{C}}AK, JASNA and VU{\v{C}}AK, ENA and BALINT, INES},
  journal={Acta medica Croatica},
  volume={70},
  number={4-5},
  pages={289--294},
  year={2017},
  publisher={Akademija medicinskih znanosti Hrvatske}
}

@article{cho2013clinical,
  title={Clinical approach to quality of life in children with end-stage renal disease},
  author={Cho, Min Hyun},
  journal={Korean journal of pediatrics},
  volume={56},
  number={8},
  pages={323--326},
  year={2013}
}

@article{ju2012,
  title={Genomic biomarkers for chronic kidney disease},
  author={Ju, Wenjun and Smith, Shahaan and Kretzler, Matthias},
  journal={Translational Research},
  volume={159},
  number={4},
  pages={290--302},
  year={2012},
  publisher={Elsevier}
}

%% ref discussao

@article{bots2005end,
  title={End Stage Disease: The Oral Component: Saliva, thirst and oral health in patients on renal replacement therapy},
  author={Bots, Casper P},
  year={2005},
  publisher={Amsterdam: Vrije Universiteit}
}

@article{thorman2009clinical,
  title={Clinical findings in oral health during progression of chronic kidney disease to end-stage renal disease in a Swedish population},
  author={Thorman, Royne and Neovius, Martin and Hylander, Britta},
  journal={Scandinavian journal of urology and nephrology},
  volume={43},
  number={2},
  pages={154--159},
  year={2009},
  publisher={Taylor \& Francis}
}

@article{liraquality,
  title={Quality of life related to oral health of patients undergoing hemodialysis and associated factors},
  author={Lira and Silva, J{\'e}ssica Antoniana and Bernardino, {\'I}talo de Macedo and Silva, Jos{\'e} R{\'e}gis Cordeiro and Lima, Tomas Lucio Marques de Almeida and Soares, Renata de Souza Coelho and d’{\'A}vila, S{\'e}rgio},
  journal={Special Care in Dentistry},
  publisher={Wiley Online Library},
  year={2017},
}

@article{honarmand2017oral,
  title={Oral manifestation and salivary changes in renal patients undergoing hemodialysis},
  author={Honarmand, Marieh and Farhad-Mollashahi, Leila and Nakhaee, Alireza and Sargolzaie, Fahimeh},
  journal={Journal of clinical and experimental dentistry},
  volume={9},
  number={2},
  pages={e207},
  year={2017},
  publisher={Medicina Oral SL}
}

@article{oliveira2016quality,
  title={Quality of life in hemodialysis patients and the relationship with mortality, hospitalizations and poor treatment adherence},
  author={Oliveira, Arai{\^e} Prado Berger and Schmidt, Debora Berger and Amatneeks, Tha{\'\i}s Malucelli and Santos, J{\'e}ssica Caroline dos and Cavallet, Luiza Helena Raittz and Michel, Renate Brigitte},
  journal={Jornal Brasileiro de Nefrologia},
  volume={38},
  number={4},
  pages={411--420},
  year={2016},
  publisher={SciELO Brasil}
}

@article{kraus2016intensive,
  title={Intensive hemodialysis and health-related quality of life},
  author={Kraus, Michael A and Fluck, Richard J and Weinhandl, Eric D and Kansal, Sheru and Copland, Michael and Komenda, Paul and Finkelstein, Fredric O},
  journal={American Journal of Kidney Diseases},
  volume={68},
  number={5},
  pages={S33--S42},
  year={2016},
  publisher={Elsevier}
}

@article{zouari2016quality,
  title={Quality of life in chronic hemodialysis patients: about 71 cases.},
  author={Zouari, L and Omri, S and Turki, S and Ma{\^a}lej, M and Charfi, N and Ben, Thabet J and Mahfoudh, H and Hachicha, J},
  journal={La Tunisie medicale},
  volume={94},
  number={1},
  pages={40--45},
  year={2016}
}

@article{perales2016quality,
  title={Quality of life related to health chronic kidney disease: Predictive importance of mood and somatic symptoms.},
  author={Perales, CM Montilla and Duschek, Stefan and Reyes, GA Del Paso},
  journal={Nefrologia: publicacion oficial de la Sociedad Espanola Nefrologia},
  volume={36},
  number={3},
  pages={275--282},
  year={2016}
}

@article{barrios2015oral,
  title={Oral and general health-related quality of life in patients treated for oral cancer compared to control group},
  author={Barrios, Roc{\'\i}o and Bravo, Manuel and Gil-Montoya, Jose Antonio and Mart{\'\i}nez-Lara, Ildefonso and Garc{\'\i}a-Medina, Blas and Tsakos, Georgios},
  journal={Health and quality of life outcomes},
  volume={13},
  number={1},
  pages={9},
  year={2015},
  publisher={BioMed Central}
}

@article{braga2011fatores,
  title={Fatores associados com a qualidade de vida relacionada {\`a} sa{\'u}de de idosos em hemodi{\'a}lise},
  author={Braga, Sonia Faria Mendes and Peixoto, S{\'e}rgio Viana and Gomes, Isabel Cristina and de Assis Ac{\'u}rcio, Francisco and Andrade, Eli Iola Gurgel and Cherchiglia, Mari{\^a}ngela Leal},
  journal={Revista de Sa{\'u}de P{\'u}blica},
  volume={45},
  number={6},
  pages={1127--1136},
  year={2011},
  publisher={SciELO Public Health}
}

@article{bland1997cronbach,
  title={Cronbach's alpha.},
  author={Bland, J Martin and Altman, Douglas G},
  journal={BMJ: British Medical Journal},
  volume={314},
  number={7080},
  pages={572},
  year={1997},
  publisher={BMJ Group}
}
@article{NIDDK,
  title={The National Institute of Diabetes and Digestive and Kidney Diseases},
  author={NIDDK},
  year={2017},
  publisher={www.niddk.nih.gov}
}